<?xml version="1.0" encoding="UTF-8"?><collection xmlns="http://www.loc.gov/MARC21/slim"><record><leader>00347nam--2200121-i-4500</leader><controlfield tag="001">000005264</controlfield><controlfield tag="002">20161230</controlfield><controlfield tag="005">20161230201026</controlfield><controlfield tag="008">060222s1000------------r-----000-0-eng-d</controlfield><datafield ind1=" " ind2=" " tag="100"><subfield code="a">Browning, Ethel</subfield></datafield><datafield ind1=" " ind2=" " tag="245"><subfield code="a">Harmful effects of ionising radiations</subfield></datafield><datafield ind1=" " ind2=" " tag="260"><subfield code="a">Amsterdam, Elsevier Publ.Co., 1959</subfield></datafield><datafield ind1=" " ind2=" " tag="490"><subfield code="a">Elsevier Monographs-industrial Toxic Agents</subfield></datafield></record></collection>